<?xml version="1.0" encoding="UTF-8"?><record xmlns="http://www.loc.gov/MARC21/slim" xmlns:cinclude="http://apache.org/cocoon/include/1.0" xmlns:zs="http://www.loc.gov/zing/srw/">
  <leader>00790cz  a2200169n  4500</leader>
  <controlfield tag="001">n 2012186306</controlfield>
  <controlfield tag="003">DLC</controlfield>
  <controlfield tag="005">20150605073930.0</controlfield>
  <controlfield tag="008">120711n| azannaabn          |n aaa      </controlfield>
  <datafield tag="010" ind1=" " ind2=" ">
    <subfield code="a">n 2012186306</subfield>
  </datafield>
  <datafield tag="035" ind1=" " ind2=" ">
    <subfield code="a">(OCoLC)oca09247294</subfield>
  </datafield>
  <datafield tag="040" ind1=" " ind2=" ">
    <subfield code="a">DNLM</subfield>
    <subfield code="b">eng</subfield>
    <subfield code="e">rda</subfield>
    <subfield code="c">DNLM</subfield>
    <subfield code="d">DNLM</subfield>
  </datafield>
  <datafield tag="100" ind1="1" ind2=" ">
    <subfield code="a">Duncan, Scott F. M.</subfield>
  </datafield>
  <datafield tag="378" ind1=" " ind2=" ">
    <subfield code="q">Scott Furm Mofford</subfield>
  </datafield>
  <datafield tag="670" ind1=" " ind2=" ">
    <subfield code="a">Reoperative hand surgery, c2012:</subfield>
    <subfield code="b">t.p. (Scott F.M. Duncan) t.p. verso (MD, MPH, Dept. of Orthopedic Surgery, Ochsner Health System, New Orleans, LA)</subfield>
  </datafield>
  <datafield tag="670" ind1=" " ind2=" ">
    <subfield code="a">OCLC, June 2, 2015</subfield>
    <subfield code="b">(hdg.: Duncan, Scott Furm Mofford; usage: Scott Furm Mofford Duncan)</subfield>
  </datafield>
  <datafield tag="670" ind1=" " ind2=" ">
    <subfield code="a">Therapy of the hand and upper extremity, 2015:</subfield>
    <subfield code="b">t.p. (Scott F.M. Duncan) t.p. verso (Department of Orthopedic Surgery, Boston University/Boston Medical Center, Boston, MA, USA)</subfield>
  </datafield>
</record>